
@online{noauthor_esp32_nodate,
	title = {{ESP}32 Overview {\textbar} Espressif Systems},
	url = {https://www.espressif.com/en/products/hardware/esp32/overview},
	urldate = {2020-03-02}
}

@online{noauthor_freertos_nodate,
	title = {{FreeRTOS} - Market leading {RTOS} (Real Time Operating System) for embedded systems with Internet of Things extensions},
	url = {https://www.freertos.org/},
	abstract = {Portable operating system interfaces ({POSIX}) for {FreeRTOS}},
	titleaddon = {{FreeRTOS}},
	urldate = {2020-03-02},
	langid = {american},
	file = {Snapshot:C\:\\Users\\hedde\\Zotero\\storage\\HM5W9QXS\\www.freertos.org.html:text/html}
}

@online{staff_comparing_2013,
	title = {Comparing microcontroller real-time operating systems},
	url = {https://www.embedded.com/comparing-microcontroller-real-time-operating-systems/},
	abstract = {Many larger microprocessor ({MPU}) designs are built using embedded Linux. Real-time operating systems ({RTOSes}) are used only in cases where hard real-time},
	titleaddon = {Embedded.com},
	author = {Staff, Embedded},
	urldate = {2020-03-02},
	date = {2013-12-08},
	langid = {american},
	file = {Snapshot:C\:\\Users\\hedde\\Zotero\\storage\\CVDBGQ2G\\comparing-microcontroller-real-time-operating-systems.html:text/html}
}

@online{lardinois_amazon_nodate,
	title = {Amazon {FreeRTOS} is a new operating system for microcontroller-based {IoT} devices},
	url = {http://social.techcrunch.com/2017/11/29/amazon-freertos-is-a-new-operating-system-for-microcontroller-based-iot-devices/},
	abstract = {Amazon {FreeRTOS} is, as the name implies, essentially an extension of the {FreeRTOS} operating system that adds libraries for local and cloud connectivity. Over time, Amazon will also add support for over-the-air updates.},
	titleaddon = {{TechCrunch}},
	author = {Lardinois, Frederic},
	urldate = {2020-03-02},
	langid = {american},
	file = {Snapshot:C\:\\Users\\hedde\\Zotero\\storage\\LNJE4A5X\\amazon-freertos-is-a-new-operating-system-for-microcontroller-based-iot-devices.html:text/html}
}

@online{noauthor_freertos_nodate-1,
	title = {{FreeRTOS} - Real-time operating system for microcontrollers - {AWS}},
	url = {https://aws.amazon.com/freertos/},
	titleaddon = {Amazon Web Services, Inc.},
	urldate = {2020-03-02},
	langid = {american},
	note = {Library Catalog: aws.amazon.com},
	file = {Snapshot:C\:\\Users\\hedde\\Zotero\\storage\\I7U8ZHB6\\freertos.html:text/html}
}

@article{schumacher_espressif_2018,
	title = {Espressif {ESP}32},
	number = {12},
	journaltitle = {c't},
	author = {Schumacher, Merlin},
	date = {2018},
	file = {ct.1218.158-160.qxp (1).pdf:C\:\\Users\\hedde\\Downloads\\ct.1218.158-160.qxp (1).pdf:application/pdf}
}

@inproceedings{maier_comparative_2017,
	location = {Wrexham},
	title = {Comparative analysis and practical implementation of the {ESP}32 microcontroller module for the internet of things},
	isbn = {978-1-5090-4815-1},
	url = {http://ieeexplore.ieee.org/document/8101926/},
	doi = {10.1109/ITECHA.2017.8101926},
	eventtitle = {2017 Internet Technologies and Applications ({ITA})},
	pages = {143--148},
	booktitle = {2017 Internet Technologies and Applications ({ITA})},
	publisher = {{IEEE}},
	author = {Maier, Alexander and Sharp, Andrew and Vagapov, Yuriy},
	urldate = {2020-03-02},
	date = {2017-09},
	file = {Accepted Version:C\:\\Users\\hedde\\Zotero\\storage\\H6GD9XRH\\Maier et al. - 2017 - Comparative analysis and practical implementation .pdf:application/pdf}
}